<record><leader>00000cas a22000007a 4500</leader><controlfield tag="001">37298439</controlfield><controlfield tag="008">970715d18981902tnuwr ne      0    0eng d</controlfield><datafield ind1=" " ind2=" " tag="010"><subfield code="a">sn 97065129 </subfield></datafield><datafield ind1=" " ind2=" " tag="040"><subfield code="a">TGN</subfield><subfield code="b">eng</subfield><subfield code="c">TGN</subfield><subfield code="d">OCLCQ</subfield><subfield code="d">OCLCF</subfield><subfield code="d">OCLCO</subfield></datafield><datafield ind1="1" ind2=" " tag="029"><subfield code="a">AU@</subfield><subfield code="b">000013414505</subfield></datafield><datafield ind1=" " ind2=" " tag="042"><subfield code="a">msc</subfield></datafield><datafield ind1=" " ind2=" " tag="043"><subfield code="a">n-us-tn</subfield></datafield><datafield ind1="0" ind2=" " tag="130"><subfield code="a">Lewis County herald (Hohenwald, Tenn. : 1898)</subfield></datafield><datafield ind1="1" ind2="0" tag="245"><subfield code="a">Lewis County herald.</subfield></datafield><datafield ind1=" " ind2=" " tag="260"><subfield code="a">Hohenwald, Tenn. :</subfield><subfield code="b">Schubert &amp; Jones</subfield></datafield><datafield ind1=" " ind2=" " tag="300"><subfield code="a">v.</subfield></datafield><datafield ind1=" " ind2=" " tag="310"><subfield code="a">Weekly</subfield></datafield><datafield ind1="1" ind2=" " tag="362"><subfield code="a">Began in 1898; ceased in 1902.</subfield></datafield><datafield ind1=" " ind2=" " tag="500"><subfield code="a">Publishers: Fred L. Schubert and Ira P. Jones, &lt;1898&gt;; Herald Pub. Co., &lt;1900&gt;</subfield></datafield><datafield ind1=" " ind2=" " tag="588"><subfield code="a">Description based on: Vol. 1, no. 25 (July 22, 1898).</subfield></datafield><datafield ind1=" " ind2="0" tag="651"><subfield code="a">Hohenwald (Tenn.)</subfield><subfield code="v">Newspapers.</subfield></datafield><datafield ind1=" " ind2="0" tag="651"><subfield code="a">Lewis County (Tenn.)</subfield><subfield code="v">Newspapers.</subfield></datafield><datafield ind1=" " ind2="7" tag="655"><subfield code="a">Newspapers.</subfield><subfield code="2">fast</subfield><subfield code="0">(OCoLC)fst01423814</subfield></datafield><datafield ind1=" " ind2="7" tag="651"><subfield code="a">Tennessee</subfield><subfield code="z">Hohenwald.</subfield><subfield code="2">fast</subfield><subfield code="0">(OCoLC)fst01229754</subfield></datafield><datafield ind1=" " ind2="7" tag="651"><subfield code="a">Tennessee</subfield><subfield code="z">Lewis County.</subfield><subfield code="2">fast</subfield><subfield code="0">(OCoLC)fst01229632</subfield></datafield><datafield ind1=" " ind2=" " tag="752"><subfield code="a">United States</subfield><subfield code="b">Tennessee</subfield><subfield code="c">Lewis</subfield><subfield code="d">Hohenwald.</subfield></datafield><datafield ind1="0" ind2="0" tag="785"><subfield code="t">Hohenwald herald</subfield><subfield code="w">(DLC)sn 89058136</subfield></datafield></record>